<record><leader>00000cas a22000007a 4500</leader><controlfield tag="001">15685012</controlfield><controlfield tag="008">870514d189119uupauwr ne      0    0eng d</controlfield><datafield ind1=" " ind2=" " tag="010"><subfield code="a">sn 87078214 </subfield></datafield><datafield ind1=" " ind2=" " tag="040"><subfield code="a">NPH</subfield><subfield code="b">eng</subfield><subfield code="c">NPH</subfield><subfield code="d">OCLCQ</subfield></datafield><datafield ind1=" " ind2=" " tag="042"><subfield code="a">msc</subfield></datafield><datafield ind1="0" ind2="0" tag="245"><subfield code="a">Marion Center independent.</subfield></datafield><datafield ind1="3" ind2="0" tag="246"><subfield code="a">Marion independent</subfield></datafield><datafield ind1=" " ind2=" " tag="260"><subfield code="a">Marion Center, Pa. :</subfield><subfield code="b">C.R. Griffith,</subfield><subfield code="c">1891-</subfield></datafield><datafield ind1=" " ind2=" " tag="300"><subfield code="a">v. ;</subfield><subfield code="c">58 cm.</subfield></datafield><datafield ind1=" " ind2=" " tag="310"><subfield code="a">Weekly</subfield></datafield><datafield ind1="0" ind2=" " tag="362"><subfield code="a">Vol. 10, no. 6 (Jan. 17, 1891)-</subfield></datafield><datafield ind1=" " ind2=" " tag="752"><subfield code="a">United States</subfield><subfield code="b">Pennsylvania</subfield><subfield code="c">Indiana</subfield><subfield code="d">Marion Center.</subfield></datafield><datafield ind1="0" ind2="0" tag="780"><subfield code="t">Marion independent</subfield><subfield code="w">(DLC)sn 87078215</subfield></datafield></record>